<record><leader>00000cas a22000007a 4500</leader><controlfield tag="001">13141846</controlfield><controlfield tag="008">860212d18941uuualuwr ne      0    0eng d</controlfield><datafield ind1=" " ind2=" " tag="010"><subfield code="a">sn 86050082 </subfield></datafield><datafield ind1=" " ind2=" " tag="040"><subfield code="a">ALM</subfield><subfield code="b">eng</subfield><subfield code="c">ALM</subfield><subfield code="d">CPN</subfield><subfield code="d">OCLCQ</subfield></datafield><datafield ind1=" " ind2=" " tag="042"><subfield code="a">msc</subfield></datafield><datafield ind1="0" ind2="4" tag="245"><subfield code="a">The Tuskaloosa journal.</subfield></datafield><datafield ind1=" " ind2=" " tag="260"><subfield code="a">Tuskaloosa, Ala. :</subfield><subfield code="b">Journal Pub. Co.,</subfield><subfield code="c">1894-</subfield></datafield><datafield ind1=" " ind2=" " tag="300"><subfield code="a">v. :</subfield><subfield code="b">ill.</subfield></datafield><datafield ind1=" " ind2=" " tag="310"><subfield code="a">Weekly</subfield></datafield><datafield ind1="0" ind2=" " tag="362"><subfield code="a">Vol. 1, no. 1 (Mar. 29, 1894)-</subfield></datafield><datafield ind1=" " ind2=" " tag="500"><subfield code="a">Editors: James P. Gaines and S.A. Hobson.</subfield></datafield><datafield ind1="1" ind2=" " tag="700"><subfield code="a">Gaines, James P.</subfield></datafield><datafield ind1="1" ind2=" " tag="700"><subfield code="a">Hobson, S. A.</subfield></datafield><datafield ind1=" " ind2=" " tag="752"><subfield code="a">United States</subfield><subfield code="b">Alabama</subfield><subfield code="c">Tuscaloosa</subfield><subfield code="d">Tuskaloosa.</subfield></datafield><datafield ind1=" " ind2=" " tag="752"><subfield code="a">United States</subfield><subfield code="b">Alabama</subfield><subfield code="c">Tuscaloosa</subfield><subfield code="d">Tuscaloosa.</subfield></datafield><datafield ind1="1" ind2=" " tag="029"><subfield code="a">AU@</subfield><subfield code="b">000025294791</subfield></datafield></record>